<?xml version="1.0" encoding="UTF-8"?><collection xmlns="http://www.loc.gov/MARC21/slim"><record><leader>00441nam--2200169-i-4500</leader><controlfield tag="001">000020364</controlfield><controlfield tag="002">20161230</controlfield><controlfield tag="005">20170117234255</controlfield><controlfield tag="008">060222s1000------------r-----000-0-eng-d</controlfield><datafield ind1=" " ind2=" " tag="080"><subfield code="a">519.712(061.3)</subfield></datafield><datafield ind1=" " ind2=" " tag="245"><subfield code="a">Fundamental algorithms for computer graphics</subfield></datafield><datafield ind1=" " ind2=" " tag="260"><subfield code="a">Berlin</subfield><subfield code="b">Springer-Verlag</subfield><subfield code="c">1985</subfield></datafield><datafield ind1=" " ind2=" " tag="300"><subfield code="a">XVI + 1042 p</subfield></datafield><datafield ind1=" " ind2=" " tag="490"><subfield code="a">Nato Asi Series F</subfield></datafield><datafield ind1=" " ind2=" " tag="700"><subfield code="a">Eamshaw, Rae A</subfield></datafield><datafield ind1=" " ind2=" " tag="852"><subfield code="a">74234</subfield></datafield><datafield ind1=" " ind2=" " tag="CAT"><subfield code="a">SYS</subfield><subfield code="c">20170117</subfield><subfield code="h">234255</subfield></datafield></record></collection>